@online{multiagent_system_wiki,
    title = {Systemy wieloagentowe},
    url = {https://en.wikipedia.org/wiki/Multi-agent_system},
    urldate = {2020}
}
@online{openai_gym,
    title = {Projekt OpenAI Gym},
    url = {https://gym.openai.com/},
    urldate = {2020}
}
@online{ma_gym,
    title = {Projekt MultiAgent Gym},
    url = {https://github.com/koulanurag/ma-gym},
    urldate = {2019}
}
